@article{power2022grokking,
    title={Grokking: Generalization beyond overfitting on small algorithmic datasets},
    author={Power, Alethea and Burda, Yuri and Edwards, Harri and Babuschkin, Igor and Misra, Vedant},
    journal={arXiv preprint arXiv:2201.02177},
    year={2022}
}

@article{demoss2024complexity,
  title   = {The Complexity Dynamics of Grokking},
  author  = {DeMoss, Branton and Sapora, Silvia and Foerster, Jakob and Hawes, Nick and Posner, Ingmar},
  journal = {arXiv preprint arXiv:2412.09810},
  year    = {2024}
}